@book{Moon-ECCMAA05,
  title={Error {C}orrection {C}oding{:} Mathematical Methods and Algorithms},
  author={Moon, Todd K},
  year={2005},
  publisher={John Wiley \& Sons, Inc.}
}


@book{Blahut-ACDT03,
  title={Algebraic {C}odes for {D}ata {T}ransmission},
  author={Blahut, Richard E.},
  year={2003},
  publisher={Cambridge University Press}
}
